@inproceedings{katiyar2016investigating,
  title={Investigating lstms for joint extraction of opinion entities and relations},
  author={Katiyar, Arzoo and Cardie, Claire},
  booktitle={Proceedings of the 54th Annual Meeting of the Association for Computational Linguistics (Volume 1: Long Papers)},
  pages={919--929},
  year={2016}
}

@article{zheng2017joint,
  title={Joint extraction of entities and relations based on a novel tagging scheme},
  author={Zheng, Suncong and Wang, Feng and Bao, Hongyun and Hao, Yuexing and Zhou, Peng and Xu, Bo},
  journal={arXiv preprint arXiv:1706.05075},
  year={2017}
}

@inproceedings{li2014incremental,
  title={Incremental joint extraction of entity mentions and relations},
  author={Li, Qi and Ji, Heng},
  booktitle={Proceedings of the 52nd Annual Meeting of the Association for Computational Linguistics (Volume 1: Long Papers)},
  pages={402--412},
  year={2014}
}

@inproceedings{zhang2017end,
  title={End-to-end neural relation extraction with global optimization},
  author={Zhang, Meishan and Zhang, Yue and Fu, Guohong},
  booktitle={Proceedings of the 2017 Conference on Empirical Methods in Natural Language Processing},
  pages={1730--1740},
  year={2017}
}

@inproceedings{wang2018joint,
  title={Joint Extraction of Entities and Relations Based on a Novel Graph Scheme.},
  author={Wang, Shaolei and Zhang, Yue and Che, Wanxiang and Liu, Ting},
  booktitle={IJCAI},
  pages={4461--4467},
  year={2018}
}

@article{miwa2016end,
  title={End-to-end relation extraction using lstms on sequences and tree structures},
  author={Miwa, Makoto and Bansal, Mohit},
  journal={arXiv preprint arXiv:1601.00770},
  year={2016}
}

@inproceedings{katiyar2017going,
  title={Going out on a limb: Joint extraction of entity mentions and relations without dependency trees},
  author={Katiyar, Arzoo and Cardie, Claire},
  booktitle={Proceedings of the 55th Annual Meeting of the Association for Computational Linguistics (Volume 1: Long Papers)},
  pages={917--928},
  year={2017}
}

@inproceedings{yang2013joint,
  title={Joint inference for fine-grained opinion extraction},
  author={Yang, Bishan and Cardie, Claire},
  booktitle={Proceedings of the 51st Annual Meeting of the Association for Computational Linguistics (Volume 1: Long Papers)},
  pages={1640--1649},
  year={2013}
}
